<record><leader>00000cas a2200000 a 4500</leader><controlfield tag="001">32843478</controlfield><controlfield tag="008">950719d19071932caudn ne      0    0eng c</controlfield><datafield ind1=" " ind2=" " tag="010"><subfield code="a">sn 95061852 </subfield></datafield><datafield ind1=" " ind2=" " tag="040"><subfield code="a">CNK</subfield><subfield code="b">eng</subfield><subfield code="c">CNK</subfield><subfield code="d">OCLCQ</subfield><subfield code="d">CNK</subfield><subfield code="d">OCLCQ</subfield><subfield code="d">OCLCF</subfield><subfield code="d">OCLCO</subfield></datafield><datafield ind1="1" ind2=" " tag="029"><subfield code="a">AU@</subfield><subfield code="b">000025864935</subfield></datafield><datafield ind1=" " ind2=" " tag="042"><subfield code="a">pcc</subfield></datafield><datafield ind1=" " ind2=" " tag="043"><subfield code="a">n-us-ca</subfield></datafield><datafield ind1="0" ind2="4" tag="245"><subfield code="a">The Colusa herald.</subfield></datafield><datafield ind1=" " ind2=" " tag="260"><subfield code="a">Colusa, Calif. :</subfield><subfield code="b">Charles D. McComish</subfield></datafield><datafield ind1=" " ind2=" " tag="300"><subfield code="a">v.</subfield></datafield><datafield ind1=" " ind2=" " tag="310"><subfield code="a">Daily (except Sun.),</subfield><subfield code="b">Aug. 12, 1929-Dec. 31, 1932</subfield></datafield><datafield ind1=" " ind2=" " tag="321"><subfield code="a">Weekly,</subfield><subfield code="b">May 17, 1907-Aug. 10, 1929</subfield></datafield><datafield ind1="0" ind2=" " tag="362"><subfield code="a">Vol. 9, no. 46 (May 17, 1907)-v. 47, no. 304 (Dec. 31, 1932).</subfield></datafield><datafield ind1=" " ind2=" " tag="530"><subfield code="a">Master negatives are available for duplication from:</subfield><subfield code="b">California Newspaper Microfilm Archive;</subfield><subfield code="c">positive copies may be purchased by the reel; for further information consult the CNMA at:</subfield><subfield code="u">http://cbsr.ucr.edu</subfield></datafield><datafield ind1=" " ind2="0" tag="651"><subfield code="a">Colusa (Calif.)</subfield><subfield code="v">Newspapers.</subfield></datafield><datafield ind1=" " ind2="7" tag="655"><subfield code="a">Newspapers.</subfield><subfield code="2">fast</subfield><subfield code="0">(OCoLC)fst01423814</subfield></datafield><datafield ind1=" " ind2="7" tag="651"><subfield code="a">California</subfield><subfield code="z">Colusa.</subfield><subfield code="2">fast</subfield><subfield code="0">(OCoLC)fst01225004</subfield></datafield><datafield ind1=" " ind2=" " tag="752"><subfield code="a">United States</subfield><subfield code="b">California</subfield><subfield code="c">Colusa</subfield><subfield code="d">Colusa.</subfield></datafield><datafield ind1="0" ind2="0" tag="780"><subfield code="t">Colusa weekly herald</subfield><subfield code="w">(DLC)sn 97060830</subfield></datafield><datafield ind1="0" ind2="7" tag="785"><subfield code="t">Colusa daily sun</subfield><subfield code="w">(DLC)sn 93053035</subfield></datafield><datafield ind1="0" ind2="7" tag="785"><subfield code="t">Colusa sun-herald</subfield><subfield code="w">(DLC)sn 86002161</subfield></datafield></record>